@article{Gray2019a,
    Author = {Justin S. Gray and John T. Hwang 
              and Joaquim R. R. A. Martins 
              and Kenneth T. Moore and Bret A. Naylor},
    Doi = {10.1007/s00158-019-02211-z},
    Journal = {Structural and Multidisciplinary Optimization},
    Month = {April},
    Number = {4},
    Pages = {1075--1104},
    Title = {{OpenMDAO}: An open-source framework 
             for multidisciplinary design, analysis, 
             and optimization},
    Volume = {59},
    Year = {2019}}